/Users/jonathancalles/Dropbox/Bibliographies/MIADNA.bib